
@article{smith2020coffee,
  title = {The Global Economics of Coffee Production},
  author = {Smith, John and Doe, Jane},
  journal = {Journal of Coffee Studies},
  year = {2020},
  volume = {15},
  number = {2},
  pages = {45--60},
  publisher = {Coffee Research Press}
}

@book{brown2018coffee,
  title = {Coffee: From Bean to Brew},
  author = {Brown, Alice},
  year = {2018},
  publisher = {BrewBooks Publishing}
}

@misc{ico2023report,
  author = {International Coffee Organization},
  title = {Annual Coffee Market Report 2023},
  year = {2023},
  howpublished = {\url{https://www.ico.org/}},
  note = {Consulté en avril 2025}
}
@article{lee2021sustainability,
  title = {Sustainability in Coffee Farming: A Review of Practices and Outcomes},
  author = {Lee, Maria and Chen, David},
  journal = {Agricultural Sustainability Journal},
  year = {2021},
  volume = {8},
  number = {4},
  pages = {210--225},
  publisher = {Green Future Press}
}

@inproceedings{martinez2019climate,
  title = {Climate Change and Its Impact on Coffee Yields in Central America},
  author = {Martinez, Ana and Lopez, Ricardo},
  booktitle = {Proceedings of the International Conference on Agroclimatology},
  year = {2019},
  pages = {110--119},
  organization = {ICA}
}

@techreport{who2017caffeine,
  title = {Health Effects of Caffeine and Coffee Consumption},
  author = {World Health Organization},
  institution = {WHO},
  year = {2017},
  number = {WHO/Coffee/2017},
  type = {Technical Report},
  note = {Disponible sur https://www.who.int}
}
@misc{popularite_types_cafe,
  title = {Popularité des différents types de café},
  year = {2025},
  note = {Analyse basée sur des données simulées}
}

@misc{comparaison_arabica_robusta,
  title = {Comparaison des caractéristiques entre Arabica et Robusta},
  year = {2025},
  note = {Illustration des différences principales entre Arabica et Robusta}
}
